@article{del2006sequential,
  title={Sequential {M}onte {C}arlo samplers},
  author={Del Moral, Pierre and Doucet, Arnaud and Jasra, Ajay},
  journal={Journal of the Royal Statistical Society: Series B (Statistical Methodology)},
  volume={68},
  number={3},
  pages={411--436},
  year={2006},
  publisher={Wiley Online Library}
}
@article{gilks2001following,
  title={Following a moving target {M}onte {C}arlo inference for dynamic {B}ayesian models},
  author={Gilks, Walter R and Berzuini, Carlo},
  journal={Journal of the Royal Statistical Society: Series B (Statistical Methodology)},
  volume={63},
  number={1},
  pages={127--146},
  year={2001},
  publisher={Wiley Online Library}
}
@article{neal2001annealed,
  title={Annealed importance sampling},
  author={Neal, Radford M},
  journal={Statistics and Computing},
  volume={11},
  number={2},
  pages={125--139},
  year={2001},
  publisher={Springer}
}
@article{andrieu2010particle,
  title={Particle {M}arkov chain {M}onte {C}arlo methods},
  author={Andrieu, Christophe and Doucet, Arnaud and Holenstein, Roman},
  journal={Journal of the Royal Statistical Society: Series B (Statistical Methodology)},
  volume={72},
  number={3},
  pages={269--342},
  year={2010},
  publisher={Wiley Online Library}
}
@inproceedings{goodman2008church,
  title={Church: a language for generative models with non-parametric memoization and approximate inference},
  author={Goodman, Noah and Mansinghka, Vikash K and Roy, Daniel M and Bonawitz, Keith and Tenenbaum, Joshua B},
  booktitle={Uncertainty in Artificial Intelligence},
  year={2008}
}
@article{smith1992bayesian,
  title={Bayesian statistics without tears: a sampling-resampling perspective},
  author={Smith, Adrian FM and Gelfand, Alan E},
  journal={The American Statistician},
  volume={46},
  number={2},
  pages={84--88},
  year={1992},
  publisher={Taylor \& Francis Group}
}
@article{rubin1988using,
  title={Using the {SIR} algorithm to simulate posterior distributions},
  author={Rubin, Donald B},
  journal={Bayesian statistics},
  volume={3},
  number={1},
  pages={395--402},
  year={1988},
  publisher={Oxford University Press}
}
@article{grosse2015sandwiching,
  title={Sandwiching the marginal likelihood using bidirectional {M}onte {C}arlo},
  author={Grosse, Roger B and Ghahramani, Zoubin and Adams, Ryan P},
  journal={arXiv preprint},
  volume={arXiv:1511.02543},
  year={2015}
}
@inproceedings{grosse2016measuring,
  title={Measuring the reliability of {MCMC} inference with bidirectional {M}onte {C}arlo},
  author={Grosse, Roger B and Ancha, Siddharth and Roy, Daniel M},
  booktitle={Advances in Neural Information Processing Systems (NIPS)},
  pages={2451--2459},
  year={2016}
}
@inproceedings{salimans2015markov,
  title={Markov chain {M}onte {C}arlo and variational inference: Bridging the gap},
  author={Salimans, Tim and Kingma, Diederik and Welling, Max},
  booktitle={International Conference on Machine Learning (ICML)},
  pages={1218--1226},
  year={2015}
}
@article{cusumano2016quantifying,
  title={Quantifying the probable approximation error of probabilistic inference programs},
  author={Cusumano-Towner, Marco F and Mansinghka, Vikash K},
  journal={arXiv preprint},
  volume={arXiv:1606.00068},
  year={2016}
}
@article{jordan1999introduction,
  title={An introduction to variational methods for graphical models},
  author={Jordan, Michael I and Ghahramani, Zoubin and Jaakkola, Tommi S and Saul, Lawrence K},
  journal={Machine Learning},
  volume={37},
  number={2},
  pages={183--233},
  year={1999},
  publisher={Springer}
}
@phdthesis{grosse2014model,
  title={Model selection in compositional spaces},
  author={Grosse, Roger Baker},
  year={2014},
  school={Massachusetts Institute of Technology}
}
@article{hunter1993,
  title={A finite-time variational method for determining optimal paths and obtaining bounds on free energy changes from computer simulations},
  author={Hunter III, John E and Reinhardt, William P and Davis, Thomas F},
  journal={The Journal of Chemical Physics},
  volume={99},
  number={9},
  pages={6856--6864},
  year={1993},
  publisher={AIP Publishing}
}
@article{cowles1996markov,
  title={Markov chain {M}onte {C}arlo convergence diagnostics: a comparative review},
  author={Cowles, Mary Kathryn and Carlin, Bradley P},
  journal={Journal of the American Statistical Association},
  volume={91},
  number={434},
  pages={883--904},
  year={1996},
  publisher={Taylor \& Francis}
}
@article{brooks1998general,
  title={General methods for monitoring convergence of iterative simulations},
  author={Brooks, Stephen P and Gelman, Andrew},
  journal={Journal of Computational and Graphical Statistics},
  volume={7},
  number={4},
  pages={434--455},
  year={1998},
  publisher={Taylor \& Francis}
}
@inproceedings{gordon1993novel,
  title={Novel approach to nonlinear/non-{G}aussian {B}ayesian state estimation},
  author={Gordon, Neil J and Salmond, David J and Smith, Adrian FM},
  booktitle={IEE Proceedings F (Radar and Signal Processing)},
  volume={140},
  number={2},
  pages={107--113},
  year={1993},
  organization={IET}
}
@inproceedings{ranganath2014black,
  title={Black box variational inference},
  author={Ranganath, Rajesh and Gerrish, Sean and Blei, David},
  booktitle={Artificial Intelligence and Statistics (AISTATS)},
  pages={814--822},
  year={2014}
}
@inproceedings{ulker2010sequential,
  title={Sequential {M}onte {C}arlo samplers for {D}irichlet process mixtures},
  author={Ulker, Yener and G{\"u}nsel, Bilge and Cemgil, Taylan},
  booktitle={Artificial Intelligence and Statistics (AISTATS)},
  pages={876--883},
  year={2010}
}
@article{han2014full,
  title={A full {B}ayesian approach for {B}oolean genetic network inference},
  author={Han, Shengtong and Wong, Raymond KW and Lee, Thomas CM and Shen, Linghao and Li, Shuo-Yen R and Fan, Xiaodan},
  journal={PloS one},
  volume={9},
  number={12},
  pages={e115806},
  year={2014},
  publisher={Public Library of Science}
}
@article{metropolis1953equation,
  title={Equation of state calculations by fast computing machines},
  author={Metropolis, Nicholas and Rosenbluth, Arianna W and Rosenbluth, Marshall N and Teller, Augusta H and Teller, Edward},
  journal={The Journal of Chemical Physics},
  volume={21},
  number={6},
  pages={1087--1092},
  year={1953},
  publisher={AIP}
}
@article{hastings1970monte,
  title={Monte {C}arlo sampling methods using {M}arkov chains and their applications},
  author={Hastings, W Keith},
  journal={Biometrika},
  volume={57},
  number={1},
  pages={97--109},
  year={1970},
  publisher={Biometrika Trust}
}
@article{gelman1992inference,
  title={Inference from iterative simulation using multiple sequences},
  author={Gelman, Andrew and Rubin, Donald B},
  journal={Statistical Science},
  volume={7},
  number={4},
  pages={457--472},
  year={1992},
  publisher={The Institute of Mathematical Statistics}
}
@article{geweke2004getting,
  title={Getting it right: Joint distribution tests of posterior simulators},
  author={Geweke, John},
  journal={Journal of the American Statistical Association},
  volume={99},
  number={467},
  pages={799--804},
  year={2004},
  publisher={Taylor \& Francis}
}
@article{drinkwater2004large,
  title={The large scale distribution of galaxies in the {S}hapley supercluster},
  author={Drinkwater, Michael J and Parker, Quentin A and Proust, Dominique and Slezak, Eric and Quintana, Hern{\'a}n},
  journal={Publications of the Astronomical Society of Australia},
  volume={21},
  number={1},
  pages={89--96},
  year={2004},
  publisher={CSIRO}
}
@article{naesseth2017variational,
  title={Variational sequential {M}onte {C}arlo},
  author={Naesseth, Christian A and Linderman, Scott W and Ranganath, Rajesh and Blei, David M},
  journal={arXiv preprint},
  volume={arXiv:1705.11140},
  year={2017}
}
@article{maddison2017filtering,
  title={Filtering variational objectives},
  author={Maddison, Chris J and Lawson, Dieterich and Tucker, George and Heess, Nicolas and Norouzi, Mohammad and Mnih, Andriy and Doucet, Arnaud and Teh, Yee Whye},
  journal={arXiv preprint},
  volume={arXiv:1705.09279},
  year={2017}
}
@article{le2017auto,
  title={Auto-Encoding sequential {M}onte {C}arlo},
  author={Le, Tuan Anh and Igl, Maximilian and Jin, Tom and Rainforth, Tom and Wood, Frank},
  journal={arXiv preprint},
  volume={arXiv:1705.10306},
  year={2017}
}
@inproceedings{gorham2015measuring,
  title={Measuring sample quality with {S}tein's method},
  author={Gorham, Jackson and Mackey, Lester},
  booktitle={Advances in Neural Information Processing Systems (NIPS)},
  pages={226--234},
  year={2015}
}
@article{angelino2016patterns,
  title={Patterns of scalable {B}ayesian inference},
  author={Angelino, Elaine and Johnson, Matthew James and Adams, Ryan P},
  journal={Foundations and Trends in Machine Learning},
  volume={9},
  number={2-3},
  pages={119--247},
  year={2016},
  publisher={Now Publishers, Inc.}
}
@article{chatterjee2015sample,
  title={The sample size required in importance sampling},
  author={Chatterjee, Sourav and Diaconis, Persi},
  journal={arXiv preprint},
  volume={arXiv:1511.01437},
  year={2015}
}
@article{huggins2015convergence,
  title={Convergence of sequential {M}onte {C}arlo-based sampling methods},
  author={Huggins, Jonathan H and Roy, Daniel M},
  journal={arXiv preprint},
  volume={arXiv:1503.00966},
  year={2015}
}
@article{agapiou2017importance,
  title={Importance sampling: Intrinsic dimension and computational cost},
  author={Agapiou, S and Papaspiliopoulos, Omiros and Sanz-Alonso, D and Stuart, AM},
  journal={Statistical Science},
  volume={32},
  number={3},
  pages={405--431},
  year={2017},
  publisher={Institute of Mathematical Statistics}
}
@article{ackerman2010computability,
  title={On the computability of conditional probability},
  author={Ackerman, Nathanael L and Freer, Cameron E and Roy, Daniel M},
  journal={arXiv preprint},
  volume={arXiv:1005.3014},
  year={2010}
}
@inproceedings{freer2010probabilistic,
  title={When are probabilistic programs probably computationally tractable?},
  author={Freer, Cameron E and Mansinghka, Vikash K and Roy, Daniel M},
  booktitle={NIPS Workshop on Advanced Monte Carlo Methods with Applications},
  year={2010}
}
@techreport{kong1992note,
  title={A note on importance sampling using standardized weights},
  author={Kong, Augustine},
  institution={University of Chicago, Department of Statistics},
  number={348},
  year={1992}
}
